@article{Rashid_Chivers_Danezis_Lupu_Martin,
	title        = {The Cyber Security Body of Knowledge},
	author       = {Rashid, Awais and Chivers, Howard and Danezis, George and Lupu, Emil and Martin, Andrew},
	pages        = 854,
	note         = {tex.ids: rashidCyberSecurityBodya, rashidCyberSecurityBodyb}
}
@inbook{Bos_2019,
	title        = {The cyber security body of knowledge},
	author       = {Bos, Herbert},
	year         = 2019,
	publisher    = {University of Bristol},
	url          = {https://www.cybok.org/},
	note         = {tex.chapter: Operating Systems \& Virtualisation}
}
@inbook{Burnap_2019,
	title        = {The cyber security body of knowledge},
	author       = {Burnap, Pete},
	year         = 2019,
	publisher    = {University of Bristol},
	url          = {https://www.cybok.org/},
	note         = {tex.chapter: Risk Management \& Governance}
}
@inbook{Capkun_2019,
	title        = {The cyber security body of knowledge},
	author       = {ÄŒapkun, Srdjan},
	year         = 2019,
	publisher    = {University of Bristol},
	url          = {https://www.cybok.org/},
	note         = {tex.chapter: Physical Layer \& Telecommunications}
}
@inbook{Cardenas_2019,
	title        = {The cyber security body of knowledge},
	author       = {Cardenas, Alvaro},
	year         = 2019,
	publisher    = {University of Bristol},
	url          = {https://www.cybok.org/},
	note         = {tex.chapter: Cyber-Physical Systems Security}
}
@inbook{Carolina_2019,
	title        = {The cyber security body of knowledge},
	author       = {Carolina, Robert},
	year         = 2019,
	publisher    = {University of Bristol},
	url          = {https://www.cybok.org/},
	note         = {tex.chapter: Law \& Regulation}
}
@inbook{Fahl_2019,
	title        = {The cyber security body of knowledge},
	author       = {Fahl, Sascha},
	year         = 2019,
	publisher    = {University of Bristol},
	url          = {https://www.cybok.org/},
	note         = {tex.chapter: Web \& Mobile Security}
}
@inbook{Gollmann_2019,
	title        = {The cyber security body of knowledge},
	author       = {Gollmann, Dieter},
	year         = 2019,
	publisher    = {University of Bristol},
	url          = {https://www.cybok.org/},
	note         = {tex.chapter: Authentication, Authorisation \& Accountability}
}
@inbook{Jha_2019,
	title        = {The cyber security body of knowledge},
	author       = {Jha, Sanjah},
	year         = 2019,
	publisher    = {University of Bristol},
	url          = {https://www.cybok.org/},
	note         = {tex.chapter: Network Security}
}
@inbook{Lee_2019,
	title        = {The cyber security body of knowledge},
	author       = {Lee, Wenke},
	year         = 2019,
	publisher    = {University of Bristol},
	url          = {https://www.cybok.org/},
	note         = {tex.chapter: Malware \& Attack Technology}
}
@inbook{Piessens_2019,
	title        = {The cyber security body of knowledge},
	author       = {Piessens, Frank},
	year         = 2019,
	publisher    = {University of Bristol},
	url          = {https://www.cybok.org/},
	note         = {tex.chapter: Software Security}
}
@inbook{Roussev_2019,
	title        = {The cyber security body of knowledge},
	author       = {Roussev, Vassil},
	year         = 2019,
	publisher    = {University of Bristol},
	url          = {https://www.cybok.org/},
	note         = {tex.chapter: Forensics}
}
@inbook{Sasse_2019,
	title        = {The cyber security body of knowledge},
	author       = {Sasse, M. Angela},
	year         = 2019,
	publisher    = {University of Bristol},
	url          = {https://www.cybok.org/},
	note         = {tex.chapter: Human Factors}
}
@inbook{Smart_2019,
	title        = {The cyber security body of knowledge},
	author       = {Smart, Nigel},
	year         = 2019,
	publisher    = {University of Bristol},
	url          = {https://www.cybok.org/},
	note         = {tex.chapter: Cryptography}
}
@inbook{Stringhini_2019,
	title        = {The cyber security body of knowledge},
	author       = {Stringhini, Gianluca},
	year         = 2019,
	publisher    = {University of Bristol},
	url          = {https://www.cybok.org/},
	note         = {tex.chapter: Adversarial Behaviours}
}
@inbook{Suri_2019,
	title        = {The cyber security body of knowledge},
	author       = {Suri, Neeraj},
	year         = 2019,
	publisher    = {University of Bristol},
	url          = {https://www.cybok.org/},
	note         = {tex.chapter: Distributed Systems Security}
}
@inbook{Troncoso_2019,
	title        = {The cyber security body of knowledge},
	author       = {Troncoso, Carmela},
	year         = 2019,
	publisher    = {University of Bristol},
	url          = {https://www.cybok.org/},
	note         = {tex.chapter: Privacy \& Online Rights}
}
@inbook{Verbauwhede_2019,
	title        = {The cyber security body of knowledge},
	author       = {Verbauwhede, Ingrid},
	year         = 2019,
	publisher    = {University of Bristol},
	url          = {https://www.cybok.org/},
	note         = {tex.chapter: Hardware Security}
}
@inbook{Williams_2019,
	title        = {The cyber security body of knowledge},
	author       = {Williams, Laurie},
	year         = 2019,
	publisher    = {University of Bristol},
	url          = {https://www.cybok.org/},
	note         = {tex.chapter: Secure Software Lifecycle}
}
