% This file was created with JabRef 2.10.
% Encoding: Cp1252


@Book{Handey1994,
  Title                    = {{L}ost {I}n {D}eep {T}hought},
  Author                   = {Jack Handey},
  Publisher                = {Berkley},
  Year                     = {1994},

  Owner                    = {mungerte},
  Timestamp                = {2016.03.22}
}

@Misc{SSA2016,
  Title                    = {{P}opularity of a {N}ame},

  Author                   = {{Social Security Administration}},
  HowPublished             = {\url{https://www.ssa.gov/OACT/babynames/index.html\#&ht=2}},
  Note                     = {Note: This is an electronic document. Date of publication: [Date unavailable]; Date retrieved: February 7, 2016;. Date last modified: [Date unavailable]},
  Year                     = {2016},

  Keywords                 = {Popular Names},
  Owner                    = {summersbu},
  Timestamp                = {2016.02.07},
  Url                      = {\url{https://www.ssa.gov/OACT/babynames/index.html#&ht=2}}
}

