
 @article{Villarrubia_Fernandez-Medina_Piattini_2006, title={Metrics of Password Management Policy}, journal={Computational Science and Its Applications-ICCSA 2006}, publisher={Springer}, author={Villarrubia, Carlos and Fernández-Medina, Eduardo and Piattini, Mario}, year={2006}, pages={1013–1023} }

 @inproceedings{Schryen_Kadura_2009, title={Open source vs. closed source software: towards measuring security}, booktitle={Proceedings of the 2009 ACM symposium on Applied Computing}, author={Schryen, Guido and Kadura, Rouven}, year={2009}, pages={2016–2023} }

 @inproceedings{Bohme_Felegyhazi_2010, title={Optimal information security investment with penetration testing}, booktitle={International Conference on Decision and Game Theory for Security}, publisher={Springer}, author={Böhme, Rainer and Félegyházi, Márk}, year={2010}, pages={21–37} }

 @article{Trcek_2010, title={Security metrics foundations for computer security}, volume={53}, number={7}, journal={The Computer Journal}, publisher={Oxford University Press}, author={Trček, Denis}, year={2010}, pages={1106–1112} }

 @inproceedings{Meneely_Williams_2010, title={Strengthening the empirical analysis of the relationship between Linus’ Law and software security}, booktitle={Proceedings of the 2010 ACM-IEEE International Symposium on Empirical Software Engineering and Measurement}, author={Meneely, Andrew and Williams, Laurie}, year={2010}, pages={1–10} }

 @inproceedings{Perl_Dechand_Smith_Arp_Yamaguchi_Rieck_Fahl_Acar_2015, title={Vccfinder: Finding potential vulnerabilities in open-source projects to assist code audits}, booktitle={Proceedings of the 22nd ACM SIGSAC Conference on Computer and Communications Security}, author={Perl, Henning and Dechand, Sergej and Smith, Matthew and Arp, Daniel and Yamaguchi, Fabian and Rieck, Konrad and Fahl, Sascha and Acar, Yasemin}, year={2015}, pages={426–437} }

 @article{Marconato_Kaaniche_Nicomette_2013, title={A vulnerability life cycle-based security modeling and evaluation approach}, volume={56}, number={4}, journal={The Computer Journal}, publisher={OUP}, author={Marconato, G. Vache and Kaâniche, Mohamed and Nicomette, Vincent}, year={2013}, pages={422–439} }

 @inproceedings{Scarfone_Mell_2008, title={Vulnerability scoring for security configuration settings}, booktitle={Proceedings of the 4th ACM workshop on Quality of protection}, author={Scarfone, Karen and Mell, Peter}, year={2008}, pages={3–8} }


