

@InProceedings{perozzi2014deepwalk,
  Title                    = {Deepwalk: Online learning of social representations},
  Author                   = {Perozzi, Bryan and Al-Rfou, Rami and Skiena, Steven},
  Booktitle                = {Proceedings of KDD},
  Year                     = {2014},
  Pages                    = {701--710}
}

@InProceedings{tang2015line,
  Title                    = {Line: Large-scale information network embedding},
  Author                   = {Tang, Jian and Qu, Meng and Wang, Mingzhe and Zhang, Ming and Yan, Jun and Mei, Qiaozhu},
  Booktitle                = {Proceedings of WWW},
  Year                     = {2015},
  Pages                    = {1067--1077}
}

@InProceedings{grover2016node2vec,
  Title                    = {node2vec: Scalable feature learning for networks},
  Author                   = {Grover, Aditya and Leskovec, Jure},
  Booktitle                = {Proceedings of KDD},
  Year                     = {2016},
  Pages                    = {855--864}
}

@article{kipf2016semi,
  Title                    = {Semi-Supervised Classification with Graph Convolutional Networks},
  Author                   = {Kipf, Thomas N and Welling, Max},
  journal                  = {arXiv preprint arXiv:1609.02907},
  Year                     = {2016}
}

@InProceedings{cao2015grarep,
  Title                    = {Grarep: Learning graph representations with global structural information},
  Author                   = {Cao, Shaosheng and Lu, Wei and Xu, Qiongkai},
  Booktitle                = {Proceedings of CIKM},
  Year                     = {2015},
  Pages                    = {891--900}
}

@InProceedings{yang2015network,
  Title                    = {Network representation learning with rich text information},
  Author                   = {Yang, Cheng and Liu, Zhiyuan and Zhao, Deli and Sun, Maosong and Chang, Edward},
  Booktitle                = {Proceedings of IJCAI},
  Year                     = {2015}
}

@Article{tu2017network,
  Title                    = {Network representation learning: an overview},
  Author                   = {TU, Cunchao and YANG, Cheng and LIU, Zhiyuan and SUN, Maosong},
  Journal                  = {SCIENTIA SINICA Informationis},
  Volume                   = {47},
  Number                   = {8},
  Pages                    = {980--996},
  Year                     = {2017}
}

@inproceedings{ou2016asymmetric,
  title                    = {Asymmetric transitivity preserving graph embedding},
  author                   = {Ou, Mingdong and Cui, Peng and Pei, Jian and Zhang, Ziwei and Zhu, Wenwu},
  booktitle                = {Proceedings of the 22nd ACM SIGKDD},
  pages                    = {1105--1114},
  year                     = {2016},
  organization             = {ACM}
}

@inproceedings{belkin2002laplacian,
  title                    = {Laplacian eigenmaps and spectral techniques for embedding and clustering},
  author                   = {Belkin, Mikhail and Niyogi, Partha},
  booktitle                = {Advances in neural information processing systems},
  pages                    = {585--591},
  year                     = {2002}
}

@inproceedings{ahmed2013distributed,
  title                    = {Distributed large-scale natural graph factorization},
  author                   = {Ahmed, Amr and Shervashidze, Nino and Narayanamurthy, Shravan and Josifovski, Vanja and Smola, Alexander J},
  booktitle                = {Proceedings of the 22nd international conference on World Wide Web},
  pages                    = {37--48},
  year                     = {2013},
  organization             = {ACM}
}

@inproceedings{wang2016structural,
  title                    = {Structural deep network embedding},
  author                   = {Wang, Daixin and Cui, Peng and Zhu, Wenwu},
  booktitle                = {Proceedings of the 22nd ACM SIGKDD international conference on Knowledge discovery and data mining},
  pages                    = {1225--1234},
  year                     = {2016},
  organization             = {ACM}
}
